% Encoding: windows-1252


@Article{andrews2010inference,
  Title                    = {Inference for parameters defined by moment inequalities using generalized moment selection},
  Author                   = {Andrews, Donald WK and Soares, Gustavo},
  Journal                  = {Econometrica},
  Year                     = {2010},
  Number                   = {1},
  Pages                    = {119--157},
  Volume                   = {78},

  Publisher                = {Wiley Online Library}
}

@Unpublished{Barseghyan2017,
  author  = {Barseghyan, Levon and Coughlin, Maura and Molinari, Francesca and Teitelbaum, Joshua},
  title   = {Limited Consideration and Risk Preferences},
  note    = {Discussion paper},
  year    = {2017},
  journal = {Cornell Universit},
}

@Article{brent1971algorithm,
  Title                    = {An algorithm with guaranteed convergence for finding a zero of a function},
  Author                   = {Brent, Richard P.},
  Journal                  = {The Computer Journal},
  Year                     = {1971},
  Number                   = {4},
  Pages                    = {422--425},
  Volume                   = {14},

  Publisher                = {Oxford University Press}
}

@Article{dekker1969finding,
  Title                    = {Finding a zero by means of successive linear interpolation},
  Author                   = {Dekker, TJ},
  Journal                  = {Constructive aspects of the fundamental theorem of algebra},
  Year                     = {1969},
  Pages                    = {37--51},

  Publisher                = {London}
}

@InCollection{gb08,
  Title                    = {Graph implementations for nonsmooth convex programs},
  Author                   = {Michael Grant and Stephen Boyd},
  Booktitle                = {Recent Advances in Learning and Control},
  Publisher                = {Springer-Verlag Limited},
  Year                     = {2008},
  Editor                   = {V. Blondel and S. Boyd and H. Kimura},
  Note                     = {\url{http://stanford.edu/~boyd/graph_dcp.html}},
  Pages                    = {95--110},
  Series                   = {Lecture Notes in Control and Information Sciences}
}

@Misc{cvx,
  Title                    = {{CVX}: Matlab Software for Disciplined Convex Programming, version 2.1},

  Author                   = {Michael Grant and Stephen Boyd},
  HowPublished             = {\url{http://cvxr.com/cvx}},
  Month                    = mar,
  Year                     = {2014}
}

@Article{jones2001taxonomy,
  Title                    = {A taxonomy of global optimization methods based on response surfaces},
  Author                   = {Jones, Donald R},
  Journal                  = {Journal of global optimization},
  Year                     = {2001},
  Number                   = {4},
  Pages                    = {345--383},
  Volume                   = {21},

  Publisher                = {Springer}
}

@Article{jones1998efficient,
  Title                    = {Efficient global optimization of expensive black-box functions},
  Author                   = {Jones, Donald R and Schonlau, Matthias and Welch, William J},
  Journal                  = {Journal of Global optimization},
  Year                     = {1998},
  Number                   = {4},
  Pages                    = {455--492},
  Volume                   = {13},

  Publisher                = {Springer}
}

@Article{kaido2017confidence,
  author  = {Kaido, Hiroaki and Molinari, Francesca and Stoye, J{\"o}rg},
  title   = {Confidence intervals for projections of partially identified parameters},
  journal = {arXiv preprint arXiv:1601.00934v2},
  year    = {2017},
}

@Article{kaido2016confidence,
  Title                    = {Confidence intervals for projections of partially identified parameters},
  Author                   = {Kaido, Hiroaki and Molinari, Francesca and Stoye, J{\"o}rg},
  Journal                  = {arXiv preprint arXiv:1601.00934v1},
  Year                     = {2016}
}

@Article{lophaven2002dace,
  Title                    = {DACEâ€”a Matlab Kriging toolbox; version 2; informatics and mathematical modelling},
  Author                   = {Lophaven, SN and Nielsen, HB and Sondergaard, J},
  Journal                  = {Technical University of Denmark, Copenhagen},
  Year                     = {2002}
}

@Article{mattingley2012cvxgen,
  Title                    = {CVXGEN: A code generator for embedded convex optimization},
  Author                   = {Mattingley, Jacob and Boyd, Stephen},
  Journal                  = {Optimization and Engineering},
  Year                     = {2012},
  Number                   = {1},
  Pages                    = {1--27},
  Volume                   = {13},

  Publisher                = {Springer}
}

@Article{kaido2019confidence,
  author  = {Kaido, Hiroaki and Molinari, Francesca and Stoye, J{\"o}rg},
  title   = {Confidence intervals for projections of partially identified parameters},
  journal = {Econometrica},
  year    = {2019},
}

@Comment{jabref-meta: databaseType:bibtex;}
